<?xml version="1.0" encoding="UTF-8"?><collection xmlns="http://www.loc.gov/MARC21/slim"><record><leader>00704nam--2200193-u-4500</leader><controlfield tag="001">000052703</controlfield><controlfield tag="002">20161230</controlfield><controlfield tag="005">20161230201050</controlfield><controlfield tag="008">101003s1000------------r-----000-0-eng-d</controlfield><datafield ind1=" " ind2=" " tag="020"><subfield code="a">9971978377</subfield></datafield><datafield ind1=" " ind2=" " tag="040"><subfield code="a">IFIN-HH</subfield></datafield><datafield ind1=" " ind2=" " tag="080"><subfield code="a">533.92(061.3)</subfield></datafield><datafield ind1="1" ind2=" " tag="100"><subfield code="a">Davis, Jack/S.A.</subfield></datafield><datafield ind1="1" ind2="0" tag="245"><subfield code="a">Radiative Properties of Hot Dense Matter</subfield><subfield code="b">Proccedings of the 2nd International Conference on Radiative Properties of Hot Dense Matter Sarasota, Florida, Oct. 31 - Nov. 4, 1983</subfield><subfield code="c">Jack Davis, Charles Hooper, Richard Lee, Allen Merts, Balazs Rozsnyai (Eds.)</subfield></datafield><datafield ind1=" " ind2=" " tag="260"><subfield code="a">Singapore</subfield><subfield code="b">World Scientific</subfield><subfield code="c">1985</subfield></datafield><datafield ind1=" " ind2=" " tag="300"><subfield code="a">609p</subfield></datafield><datafield ind1="1" ind2=" " tag="700"><subfield code="a">Rozsnyai, Balazs</subfield></datafield><datafield ind1=" " ind2=" " tag="852"><subfield code="a">79154</subfield><subfield code="c">533.9</subfield></datafield><datafield ind1=" " ind2=" " tag="CAT"><subfield code="a">Sys</subfield><subfield code="c">20101003</subfield><subfield code="h">172341</subfield></datafield></record></collection>